<?xml version="1.0" encoding="UTF-8"?><record xmlns="http://www.loc.gov/MARC21/slim" xmlns:cinclude="http://apache.org/cocoon/include/1.0" xmlns:zs="http://www.loc.gov/zing/srw/">
  <leader>00402nz  a2200121n  4500</leader>
  <controlfield tag="001">n  93119172 </controlfield>
  <controlfield tag="003">DLC</controlfield>
  <controlfield tag="005">19931208140915.7</controlfield>
  <controlfield tag="008">931208n| acannaab|          |n aaa |||  </controlfield>
  <datafield tag="010" ind1=" " ind2=" ">
    <subfield code="a">n  93119172 </subfield>
  </datafield>
  <datafield tag="040" ind1=" " ind2=" ">
    <subfield code="a">DLC</subfield>
    <subfield code="c">DLC</subfield>
  </datafield>
  <datafield tag="100" ind1="1" ind2="0">
    <subfield code="a">Bassett, Scott</subfield>
  </datafield>
  <datafield tag="670" ind1=" " ind2=" ">
    <subfield code="a">Michigan family law, c1993- :</subfield>
    <subfield code="b">v. 1-2, t.p. (Scott Bassett) about the editors (partner in the Birmingham (Mich.) law firm of Victor, Robbins &amp; Bassett)</subfield>
  </datafield>
</record>